@misc{ref0,
  author       = {习近平},
  title        = {——2018年4月20日在全国网络安全和信息化工作会议上的讲话},
  year         = {2018},
  month        = {April},
  day          = {20},
  howpublished = {Speech},
  note         = {There can be no national security without cyber security, no stable functioning of the economy and society, and no reliable safeguarding of the interests of the broad masses of the people.}
}

@article{huang2024analysis,
  author = {黄锋 and 樊伟},
  title = {2023年巴以网络冲突中黑客组织参战情况分析},
  journal = {中国信息安全},
  year = {2024},
  number = {1},
  pages = {89--91},
}

@misc{ref1,
    title = {《国家网络空间安全战略》},
    author = {{中央网络安全和信息化委员会办公室}},
    howpublished = {\url{https://www.cac.gov.cn/2016-12/27/c_1120195926.htm?from=timeline}},
    note = {Accessed: 2025-04-16},
}

@misc{wikipedia_computer_security,
  author = {Anonymous},
  title = {{Computer security}},
  howpublished = {\url{https://en.wikipedia.org/wiki/Computer_security}},
  year = {2025},
  note = {Accessed: 2025-04-16}
}

@misc{wikipedia_information_warfare,
  author = {Anonymous},
  title = {{Information warfare}},
  howpublished = {\url{https://en.wikipedia.org/wiki/Information_warfare}},
  year = {2025},
  note = {Accessed: 2025-4-16}
}

@techreport{libicki_what_is,
  author = {Martin C. Libicki},
  title = {What Is Information Warfare?},
  institution = {National Defense University},
  year = {2017},
  month = {August},
  number = {Strategic Forum Number 28},
  url = {https://web.archive.org/web/20170829010416id_/http://www.dodccrp.org/files/Libicki_What_Is.pdf},
  urldate = {2025-4-16}
}

@article{nego2025hybrid,
  author = {Ctlin NEGOI},
  title = {Hybrid Warfare, Trolls, Agents of Influence, and Useful Idiots},
  journal = {ACROSS},
  year = {2025},
  volume = {8(1)},
}

@article{mande2025lower,
  author = {Nikhil S Mande and Changpeng Shao},
  title = {Lower bounds for quantum-inspired classical algorithms via communication complexity},
  journal = {QUANTUM},
  year = {2025},
  volume = {9},
}

@article{lee2025unconsciously,
  author = {JungSan Lee and TzuHao Chen and ChitJie Chew and et al.},
  title = {Unconsciously Continuous Authentication Protocol in Zero-Trust Architecture Based on Behavioral Biometrics},
  journal = {IEEE Transactions on Reliability},
  year = {2025},
  pages = {1--14},
}

@article{luo2025based,
  author = {罗佳宇},
  title = {基于政治与文化的美国政治文本转喻研究},
  journal = {语言与文化研究},
  year = {2025},
  volume = {33},
  number = {1},
  pages = {254--257},
}


@misc{ref2,
  title={国防部：建设和平、安全、开放、合作的网络空间},
  author={中华人民共和国国防部},
  year={2024},
  month={04},
  day={19},
  url={http://www.mod.gov.cn/gfbw/xwfyr/lhzb/ztjzh_249264/2024n4y_249265/16302044.html}
}

@misc{ref3,
  title={国防部：建设和平、安全、开放、合作的网络空间},
  author={中华人民共和国国防部},
  year={2024},
  month={04},
  day={19},
  url={http://www.mod.gov.cn/gfbw/xwfyr/lhzb/ztjzh_249264/2024n4y_249265/16302044.html},
  note={Accessed: 2025-04-16}
}

@misc{ref4,
  author = {国家互联网信息办公室},
  title = {关于《中华人民共和国网络安全法（修正草案再次征求意见稿）》的说明},
  howpublished = {\url{https://www.cac.gov.cn/2025-03/28/c_1744779434867328.htm}},
  year = {2025},
  note = {2025-04-16}
}

@misc{ref5,
  author = {国家互联网信息办公室},
  title = {关于印发《人工智能生成合成内容标识办法》的通知},
  howpublished = {\url{https://www.cac.gov.cn/2025-03/14/c_1743654684782215.htm}},
  year = {2025},
  note = {2025-04-09}
}

@misc{ref6,
  author = {国家互联网信息办公室},
  title = {《人工智能生成合成内容标识办法》},
  howpublished = {\url{https://www.cac.gov.cn/2025-03/14/c_1743654684782215.htm}},
  year = {2025},
  note = {2025-04-09}
}

@misc{ref7,
  title={网络安全与国防信息化建设},
  author={原创力文档},
  year={2024},
  month={10},
  day={19},
  url={https://max.book118.com/html/2024/1018/6111234225010233.shtm}
}

@misc{ref8,
  title={美军网络领域重要变动情况及趋势分析},
  author={腾讯网},
  year={2025},
  month={03},
  day={22},
  url={https://new.qq.com/rain/a/20250322A07RSN00}
}


